<?xml version="1.0" encoding="UTF-8"?><collection xmlns="http://www.loc.gov/MARC21/slim"><record><leader>00370nam--2200133-i-4500</leader><controlfield tag="001">000041527</controlfield><controlfield tag="002">20161230</controlfield><controlfield tag="005">20161230201043</controlfield><controlfield tag="008">060222s1000------------r-----000-0-eng-d</controlfield><datafield ind1=" " ind2=" " tag="080"><subfield code="a">621.039.623(043)</subfield></datafield><datafield ind1=" " ind2=" " tag="100"><subfield code="a">Siakavellas,Nicolaos</subfield></datafield><datafield ind1=" " ind2=" " tag="245"><subfield code="a">Etude des electrons decouples dans le tokamak t.f.r. these</subfield></datafield><datafield ind1=" " ind2=" " tag="260"><subfield code="a">Orsay, Univ.De Paris-sud, 1978. 142 P</subfield></datafield><datafield ind1=" " ind2=" " tag="852"><subfield code="a">46395</subfield></datafield></record></collection>